518058748520c000260513      CHRISTIAN BARTRINA                                          25605140                                                                  
538058748520c000260513260513CHRISTIAN BARTRINA                      25605140921547896525        01                                                              
568032418578z000000000000001CHRISTIAN BARTRINA MONTES               250013549212547834950000000314                QUOTA SETMANAL                                  
568068578954f000000000000003DAVID SAEZ AYMERICH                     275015702410254568750000000215                QUOTA SETMANAL                                  
588058748520c000                                                                        0000000529      00000000020000000002                                      
598058748520c000                                                    0001                0000000529      00000000020000000006                                      
